<?xml version="1.0" encoding="UTF-8"?>
<record xmlns="http://www.loc.gov/MARC21/slim" xmlns:xsi="http://www.w3.org/2001/XMLSchema-instance" xsi:schemaLocation="http://www.loc.gov/MARC21/slim http://www.loc.gov/standards/marcxml/schema/MARC21slim.xsd">
<leader>00000cam a22      a 4500</leader>
<controlfield tag="001">001506515</controlfield>
<controlfield tag="003">NNU</controlfield>
<controlfield tag="005">20150730170210.0</controlfield>
<controlfield tag="008">070327s1951    ua       b    001 0 arard</controlfield>
<datafield tag="010" ind1=" " ind2=" ">
<subfield code="a">  2007332475</subfield>
</datafield>
<datafield tag="035" ind1=" " ind2=" ">
<subfield code="a">(OCoLC)23893405</subfield>
</datafield>
<datafield tag="040" ind1=" " ind2=" ">
<subfield code="a">MnU</subfield>
<subfield code="b">eng</subfield>
<subfield code="c">MNU</subfield>
<subfield code="d">DLC</subfield>
<subfield code="d">OCLCF</subfield>
<subfield code="d">OCLCQ</subfield>
<subfield code="d">OCLCO</subfield>
</datafield>
<datafield tag="041" ind1="1" ind2=" ">
<subfield code="a">ara</subfield>
<subfield code="h">fre</subfield>
</datafield>
<datafield tag="042" ind1=" " ind2=" ">
<subfield code="a">lccopycat</subfield>
</datafield>
<datafield tag="043" ind1=" " ind2=" ">
<subfield code="a">a------</subfield>
<subfield code="a">f------</subfield>
</datafield>
<datafield tag="050" ind1=" " ind2="4">
<subfield code="a">DS223</subfield>
<subfield code="b">Z312 1951x</subfield>
</datafield>
<datafield tag="100" ind1="1" ind2=" ">
<subfield code="6">880-01</subfield>
<subfield code="a">Zambaur, Eduard Karl Max von,</subfield>
<subfield code="d">1866-1947.</subfield>
</datafield>
<datafield tag="240" ind1="1" ind2="0">
<subfield code="a">Manuel de généalogie et de chronologie pour l'histoire de l'Islam.</subfield>
<subfield code="l">Arabic</subfield>
</datafield>
<datafield tag="245" ind1="1" ind2="0">
<subfield code="6">880-02</subfield>
<subfield code="a">Muʻjam al-ansāb wa-al-usarāt al-hākimah fī al-tāʼrīkh al-Islāmī /</subfield>
<subfield code="c">lil-mustashriq Zāmbāur ; akhrajahu Zakī Muḥammad Ḥasan wa-Ḥasan Aḥmad Maḥmūd.</subfield>
</datafield>
<datafield tag="260" ind1=" " ind2=" ">
<subfield code="6">880-03</subfield>
<subfield code="a">[Cairo] :</subfield>
<subfield code="b">Maṭbaʻat Jāmiʻat Fuʼād al-Awwal,</subfield>
<subfield code="c">1951-</subfield>
</datafield>
<datafield tag="300" ind1=" " ind2=" ">
<subfield code="a">2 volumes (534 pages) ;</subfield>
<subfield code="c">35 cm</subfield>
</datafield>
<datafield tag="336" ind1=" " ind2=" ">
<subfield code="a">text</subfield>
<subfield code="b">txt</subfield>
<subfield code="2">rdacontent</subfield>
</datafield>
<datafield tag="337" ind1=" " ind2=" ">
<subfield code="a">unmediated</subfield>
<subfield code="b">n</subfield>
<subfield code="2">rdamedia</subfield>
</datafield>
<datafield tag="338" ind1=" " ind2=" ">
<subfield code="a">volume</subfield>
<subfield code="b">nc</subfield>
<subfield code="2">rdacarrier</subfield>
</datafield>
<datafield tag="504" ind1=" " ind2=" ">
<subfield code="a">Includes bibliographical references and index.</subfield>
</datafield>
<datafield tag="650" ind1=" " ind2="0">
<subfield code="a">Muslims.</subfield>
</datafield>
<datafield tag="651" ind1=" " ind2="0">
<subfield code="a">Islamic countries</subfield>
<subfield code="x">History</subfield>
<subfield code="v">Chronology.</subfield>
</datafield>
<datafield tag="650" ind1=" " ind2="7">
<subfield code="a">Muslims.</subfield>
<subfield code="2">fast</subfield>
<subfield code="0">(OCoLC)fst01031029</subfield>
</datafield>
<datafield tag="651" ind1=" " ind2="7">
<subfield code="a">Islamic countries.</subfield>
<subfield code="2">fast</subfield>
<subfield code="0">(OCoLC)fst01244130</subfield>
</datafield>
<datafield tag="655" ind1=" " ind2="7">
<subfield code="a">Chronology.</subfield>
<subfield code="2">fast</subfield>
<subfield code="0">(OCoLC)fst01423901</subfield>
</datafield>
<datafield tag="655" ind1=" " ind2="7">
<subfield code="a">History.</subfield>
<subfield code="2">fast</subfield>
<subfield code="0">(OCoLC)fst01411628</subfield>
</datafield>
<datafield tag="700" ind1="1" ind2=" ">
<subfield code="6">880-04</subfield>
<subfield code="a">Ḥasan, Zakī Muḥammad.</subfield>
</datafield>
<datafield tag="700" ind1="1" ind2=" ">
<subfield code="6">880-05</subfield>
<subfield code="a">Maḥmūd, Ḥasan Aḥmad.</subfield>
</datafield>
<datafield tag="880" ind1="0" ind2=" ">
<subfield code="6">100-01/</subfield>
<subfield code="a">‏زامباور.</subfield>
</datafield>
<datafield tag="880" ind1="1" ind2="0">
<subfield code="6">245-02/</subfield>
<subfield code="a">‏معجم الأنساب والأسرات الحاكمة في تاريخ الإسلامي /‏</subfield>
<subfield code="c">‏للمستشرق زامباور ؛ أخرجه زكي محمد حسن وحسن أحمد محمود.</subfield>
</datafield>
<datafield tag="880" ind1=" " ind2=" ">
<subfield code="6">260-03/</subfield>
<subfield code="a">]القاهرة] :‏</subfield>
<subfield code="b">‏مطبعة جامعة فؤاد الأول،‏</subfield>
<subfield code="c">‏١٩٥١-</subfield>
</datafield>
<datafield tag="880" ind1="1" ind2=" ">
<subfield code="6">700-04/</subfield>
<subfield code="a">‏حسن، زكي محمد.</subfield>
</datafield>
<datafield tag="880" ind1="1" ind2=" ">
<subfield code="6">700-05/</subfield>
<subfield code="a">‏محمود، حسن أحمد.</subfield>
</datafield>
<datafield tag="OWN" ind1=" " ind2=" ">
<subfield code="a">GENERAL</subfield>
</datafield>
<datafield tag="AVA" ind1=" " ind2=" ">
<subfield code="a">NYU50</subfield>
<subfield code="b">BOBST</subfield>
<subfield code="c">Main Collection</subfield>
<subfield code="d">DS223 .Z312 1951 Oversize</subfield>
<subfield code="e">unavailable</subfield>
<subfield code="t">Unavailable</subfield>
<subfield code="f">2</subfield>
<subfield code="g">2</subfield>
<subfield code="h">Y</subfield>
<subfield code="i">0</subfield>
<subfield code="j">MAIN</subfield>
<subfield code="k">0</subfield>
</datafield>
</record>
